%% This BibTeX bibliography file was created using BibDesk.
%% http://bibdesk.sourceforge.net/


%% Created for David Milward at 2015-08-10 11:34:53 +0100 

%% EMSF PAPER
 


@misc{DSMCR,
	Author = {Davies, Jim and Milward, David and Milward,Adam and Solanki,Monica and Gibbons,Jeremy and Seyyed Shah},
	Date-Modified = {2016-02-15 10:34:53 +0000},
	Title = {Domain Specific Modelling for Clinical Ressearch},
	Url = {http://www.dsmforum.org/events/dsm15/Papers/Davies.pdf},
	Year = 2015
}

@misc{ECInterop,
	Author = {European Commission ISA initiative},
	Title = {Interoperability Maturity Model},
	Url = {http://ec.europa.eu/isa/documents/eudig12a-1401-i01-imm-leaflet_en.pdf},
	Year = 2015
}

@misc{NIEM,
	Author = {U.S. Department of Homeland Security and the U.S. Department of Justice},
	Title = {National Information Exchange Model},
	Url = {https://www.niem.gov/Pages/default.aspx},
	Year = 2015
}

@misc{Athena,
	Author = {EC Athena IP Project},
	Title = {ATHENA Interoperability Framework (AIF)},
	Url = {http://athena.modelbased.net/index.html},
	Year = 2010
}

@misc{INTEROP,
	Author = {AISBL (Association Internationale Sans But Lucratif)},
	Title = {INTEROP-VLab},
	Url = {http://interop-vlab.eu/interop-vlab-network},
	Year = 2015
}


http://athena.modelbased.net/index.html


http://www.interop-vlab.eu/

@book{Pierce,
 author = {Pierce, Benjamin C.},
 title = {Types and Programming Languages},
 year = {2002},
 isbn = {0-262-16209-1},
 publisher = {MIT Press},
 address = {Cambridge, MA, USA},
} 

%% CHAPTER ONE



@misc{webster,
	Author = {Merriam-Webster},
	Title = {online dictionary},
	Url = {``http://www.merriam-webster.com/dictionary/metadata''},
	Year = {2015},
	Bdsk-Url-1 = {"http://www.merriam-webster.com/dictionary/metadata''}}
	
@book{Derrick,
	Address = {London,  UK},
	Author = {Derrick, John and Boiten, Eerke},
	Isbn = {1-85233-245-X},
	Publisher = {Springer-Verlag},
	Title = {{Refinement in Z and Object-Z: foundations and advanced applications}},
	Year = {2001}}
	
@book{Morgan,
	Author= {Morgan, Carroll},
	ISBN={ ISBN 0-13-123274-6},
	Publisher={Prentice Hall},
	Title={Programming from Specifications},
	Year={1994}
}
@article{BACK,
	Author = {R.J.R. Back},
	Doi = {http://dx.doi.org/10.1016/0022-0000(81)90005-2},
	Issn = {0022-0000},
	Journal = {Journal of Computer and System Sciences},
	Number = {1},
	Pages = {49 - 68},
	Title = {On correct refinement of programs},
	Url = {http://www.sciencedirect.com/science/article/pii/0022000081900052},
	Volume = {23},
	Year = {1981},
	Bdsk-Url-1 = {http://www.sciencedirect.com/science/article/pii/0022000081900052},
	Bdsk-Url-2 = {http://dx.doi.org/10.1016/0022-0000(81)90005-2}
}
	
@article{OntProg,
	Author = {Dragan Djuric and Vladan Devedzic},
	Journal = {Systems, Man, and Cybernetics, Part C: Applications and Reviews, IEEE Transactions on},
	Month = {jan.},
	Number = {1},
	Pages = {3 -14},
	Title = {Incorporating the Ontology Paradigm Into Software Engineering: Enhancing Domain-Driven Programming in Clojure/Java},
	Volume = {42},
	Year = {2012}}

@misc{Bargmeyer,
	Author = {Bruce E. Bargmeyer, Daniel W. Gillman},
	Title = {METADATA STANDARDS AND METADATA REGISTRIES: AN OVERVIEW},
	Url = {``http://www.bls.gov/ore/pdf/st000010.pdf''},
	Year = {2015},
	Bdsk-Url-1 = {"http://www.bls.gov/ore/pdf/st000010.pdf''}
}
	
@misc{WSDL,
	Author = {E. Christensen Erik and F. Curbera Francisco and G. Meredith and Sanjiva Weerawarana},
	Date-Modified = {2015-08-10 10:34:53 +0000},
	Title = {Web Services Definition Language},
	Url = {http://www.w3.org/TR/wsdl},
	Year = 2001,
	Bdsk-Url-1 = {"http://www.w3.org/TR/wsdl"}
}
	
@book{UsingZ,
	Author = {J. Woodcock and J. Davies},
	Note = {www.usingz.com},
	Publisher = {Prentice Hall},
	Title = {{Using Z}},
	Year = {1996}}
	
@misc{jena,
	Author = {W3C},
	Howpublished = {\url{http://jena.apache.org/}},
	Title = {Apache Jena{\texttrademark} is a Java framework for building Semantic Web applications.},
	Url = {http://jena.apache.org/},
	Bdsk-Url-1 = {http://jena.apache.org/}}
	
@misc{any2triples,
	Author = {Apache},
	Howpublished = {\url{https://any23.apache.org/}},
	Title = {Anything To Triples (Any23) is a library, a web service and a command line tool},
	Url = {https://any23.apache.org/},
	Bdsk-Url-1 = {https://any23.apache.org/}
}

@misc{sesame,
	Author = {Open Source},
	Title = {Sesame - a Java framework for building Semantic Web applications},
	Url = {http://www.openrdf.org},
	Year = {2015}
}

%% CHAPTER TWO


@book{halpin,
  	title={Information Modeling and Relational Databases},
  	author={Halpin, T. and Morgan, T.},
  	isbn={9780080568737},
 	 series={The Morgan Kaufmann Series in Data Management Systems},
  	url={https://books.google.co.uk/books?id=puO\_VlbR\_x4C},
  	year={2010},
  	publisher={Elsevier Science}
}



@book{Barker,
 	author = {Barker, Richard},
 	title = {Case Method: Entity Relationship Modelling},
 	year = {1990},
 	isbn = {0201416964},
 	edition = {1st},
 	publisher = {Addison-Wesley Longman Publishing Co., Inc.},
 	address = {Boston, MA, USA},
} 

@book{UMLReference,
	title = {The Unified Modeling Language Reference Manual},
	author = {James Rumbaugh and Ivar Jacobson and Grady Booch},
	publisher = {Addison-Wesley Professional},
	year = {2004},
	isbn = {978-0-321-24562-5},
}

@misc{tbl,
  	author = {Tim Berners Lee},
  	title = {International Standard for Metadata Registries},  
  	url="http://www.w3.org/DesignIssues/LinkedData.html",
  	howpublished = "\url{http://www.w3.org/DesignIssues/LinkedData.html}",
  	year="2006",
}


@article{atkinson2003model,
 	 title={Model-driven development: a metamodeling foundation},
  	author={Atkinson, Colin and K{\"u}hne, Thomas},
  	journal={Software, IEEE},
  	volume={20},
  	number={5},
  	pages={36--41},
  	year={2003},
  	publisher={IEEE}
}

@misc{SPARQL,
 	 author = {W3C},
  	title = {SPARQL Protocol and RDF Query Language},  
 	 url="http://www.w3.org/TR/rdf-sparql-query/",
	howpublished = "\url{http://www.w3.org/TR/rdf-sparql-query/}",
}

@misc{RDF,
  	author = {W3C},
  	title = {Resource Description Framework},  
  	url="http://www.w3.org/RDF/",
	howpublished = "\url{http://www.w3.org/RDF/}",
}

@misc{UML1,
	author = {OMG},
	title = {OMG's Unified Modeling Language},  
	url={"http://www.uml.org/"},
}

@misc{UML2.5,
	author={OMG},
	title={OMG Unified Modeling Language},
	url={``http://www.omg.org/spec/UML/2.5/Beta2/''},
	year = {"2013"},
	pages = { 50}
}

@misc{MOF14,
	author = {OMG},
	title = {OMG - Meta Object Facility, v1.4},
	year = 2002,
	url="http://doc.omg.org/formal/2002-04-03.pdf"
}

@misc{MOF242,
	author = {OMG},
	title = {OMG Meta Object Facility (MOF) Core Specification},
	year = 2014,
	url="http://www.omg.org/spec/MOF/2.4.2/PDF/"
}


@book{UMLDM,
 	author = {David Hay},
	 title = {{UML and Data Modelling : A Reconciliation}}, 
 	isbn = { 1935504193},
 	publisher = {Technics Publications, LLC; },
 	year = {2011},
 	month={October}, 
}


	


@inproceedings{favre2004,
  title={Foundations of model (driven)(reverse) engineering: Models},
  author={Favre, Jean-Marie},
  booktitle={Proceedings of the International Seminar on Language Engineering for Model-Driven Software Development, Dagstuhl Seminar 04101},
  year={2004}
}

@article{Seidewitz,
	author = {Ed Seidewitz},
	title = {What Models Mean},
	journal ={IEEE Software},
	volume = {20},
	number = {5},
	issn = {0740-7459},
	year = {2003},
	pages = {26-32},
	doi = {http://doi.ieeecomputersociety.org/10.1109/MS.2003.1231147},
	publisher = {IEEE Computer Society},
	address = {Los Alamitos, CA, USA},
}

@book{Mellor,
 	title={MDA Distilled: Principles of Model-driven Architecture},
 	author={Steven Mellor and Scott Kendall and Axel Uhr and Dirk Weise},
 	year={2004},
 	Publisher={Addison Wesley}
}

@article{Snook,
 	author = {Snook, Colin and Butler, Michael},
	 title = {UML-B: Formal Modeling and Design Aided by UML},
 	journal = {ACM Trans. Softw. Eng. Methodol.},
	 issue_date = {January 2006},
 	volume = {15},
 	number = {1},
	 month = jan,
 	year = {2006},
 	issn = {1049-331X},
	 pages = {92--122},
 	numpages = {31},
	 url = {http://doi.acm.org/10.1145/1125808.1125811},
 	doi = {10.1145/1125808.1125811},
 	acmid = {1125811},
 	publisher = {ACM},
	 address = {New York, NY, USA},
 	keywords = {Modeling, UML-B, refinement},
} 

@article{France,
	title = "The UML as a formal modeling notation ",
	journal = "Computer Standards & Interfaces ",
	volume = "19",
	number = "7",
	pages = "325 - 334",
	year = "1998",
	url = "http://www.sciencedirect.com/science/article/pii/S0920548998000208",
	author = "R France and A Evans and K Lano and B Rumpe",
	keywords = "UML",
	keywords = "Formal methods",
	keywords = "Graphical notations "
}
@inproceedings{Bernardi2002,
 author = {Bernardi, Simona and Donatelli, Susanna and Merseguer, Jose},
 title = {From UML Sequence Diagrams and Statecharts to Analysable Petri Net Models},
 booktitle = {Proceedings of the 3rd International Workshop on Software and Performance},
 series = {WOSP '02},
 year = {2002},
 isbn = {1-58113-563-7},
 location = {Rome, Italy},
 pages = {35--45},
 numpages = {11},
 url = {http://doi.acm.org/10.1145/584369.584376},
 doi = {10.1145/584369.584376},
 acmid = {584376},
 publisher = {ACM},
 address = {New York, NY, USA},
 keywords = {GSPN, UML, compositionality, modeling},
} 
@article{Berardi2005,
title = "Reasoning on \{UML\} class diagrams ",
journal = "Artificial Intelligence ",
volume = "168",
number = "1â€“2",
pages = "70 - 118",
year = "2005",
issn = "0004-3702",
doi = "http://dx.doi.org/10.1016/j.artint.2005.05.003",
url = "http://www.sciencedirect.com/science/article/pii/S0004370205000792",
author = "Daniela Berardi and Diego Calvanese and Giuseppe De Giacomo",
keywords = "Knowledge representation",
keywords = "Description logics",
keywords = "UML class diagrams",
keywords = "Computational complexity",
keywords = "Verification",
keywords = "CASE tools "
}


@incollection{lano2011model,
  title={Model-driven development of model transformations},
  author={Lano, Kevin and Kolahdouz-Rahimi, Shekoufeh},
  booktitle={Theory and practice of model transformations},
  pages={47--61},
  year={2011},
  publisher={Springer}
}
 
 @book{Lano,
 	title={UML 2 Semantics and Applications},
 	editor={Kevin Lano},
 	year={2009},
 	ISBN={9780470409084},
 	Publisher={Wiley}
}
 
 
 @inproceedings{lano2004uml,
  title={UML to B: Formal verification of object-oriented models},
  author={Lano, Kevin and Clark, David and Androutsopoulos, Kelly},
  booktitle={Integrated Formal Methods},
  pages={187--206},
  year={2004},
  organization={Springer}
}

@article{snook2006uml,
  title={UML-B: Formal modeling and design aided by UML},
  author={Snook, Colin and Butler, Michael},
  journal={ACM Transactions on Software Engineering and Methodology (TOSEM)},
  volume={15},
  number={1},
  pages={92--122},
  year={2006},
  publisher={ACM}
}

%%%%%%%%%%%%%%%%%%%%%%%%%%%%%%%%%%%%%%%%%%%%%%
%%-------CHAPTER THREE
%%
%%
%%%%%%%%%%%%%%%%%%%%%%%%%%%%%%%%%%%%%%%%%%%%%%

@misc{corba,
  author = {OMG},
  title = {CORBA : Common Object Request Broker Architecture},  
  url="http://www.corba.org/",
  howpublished = "\url{http://www.corba.org/}",
}

@misc{DCOM,
  author = {Microsoft},
  title = {Distributed Component Object Model (DCOM) Remote Protocol Specification},  
  url="http://msdn.microsoft.com/library/cc201989.aspx",
  howpublished = "\url{http://msdn.microsoft.com/library/cc201989.aspx}",
}

@misc{wadl,
  author = {WC3},
  title = {Web Application Description Language},  
  url="http://www.w3.org/Submission/wadl/",
howpublished = "\url{http://www.w3.org/Submission/wadl/}",
}

@misc{steiner,
  author = {Thomas Steiner},
  title = {Automatic Multi Language Program Library Generation for REST APIs},  
  url="http://www.lsi.upc.edu/~tsteiner/papers/2007/automatic-multi-language-program-library-generation-for-rest-apis-masters-thesis-2007.pdf /",
howpublished = "\url{http://www.lsi.upc.edu/~tsteiner/papers/2007/automatic-multi-language-program-library-generation-for-rest-apis-masters-thesis-2007.pdf /}",
}

@inproceedings{McCarthyMeta,
 author = {McCarthy, John L.},
 title = {Metadata Management for Large Statistical Databases},
 booktitle = {Proceedings of the 8th International Conference on Very Large Data Bases},
 series = {VLDB '82},
 year = {1982},
 isbn = {0-934613-14-1},
 pages = {234--243},
 numpages = {10},
 publisher = {Morgan Kaufmann Publishers Inc.},
 address = {San Francisco, CA, USA},
} 

@book{siegel1991metadata,
  title={A metadata approach to resolving semantic conflicts},
  author={Siegel, M.D. and Madnick, S.E.},
  year={1991},
  publisher={International Financial Services Research Center, Sloan School of Management, Massachusetts Institute of Technology}
}

@article{LeeComGroups,
 author = {Lee, Jintae and Malone, Thomas},
 title = {Partially shared views: a scheme for communicating among groups that use different type hierarchies},
 journal = {ACM Trans. Inf. Syst.},
 issue_date = {Jan. 1990},
 volume = {8},
 number = {1},
 month = jan,
 year = {1990},
 pages = {1--26},
 numpages = {26},
 publisher = {ACM},
 address = {New York, NY, USA},
} 



@inproceedings{dbmetaMcLeod,
   author = {Dennis McLeod},
   title = {A learning-based approach to meta-data evolution in an object-oriented database}, 
   booktitle = {Advances in Object-oriented Database Systems}, 
   publisher = {Springer},
   series = {{LNCS}}, 
   pages = {219-224},
   volume = {334},
   year = {1988},
}

@Article{Semsur,
author = {Sandra Heiler},
title = {Semantic Interoperability },
journal = {ACM Computmg Surveys,},
year = "1995",
month = {June},
}

@Article{DBSheth92,
author = { A. Sheth and V. Kashyap },
title = {So far schematically yet so near semantically},
journal = {Conference on Semantics of Interoperable Database Systems},
publisher = {?},
year = "1992",
}

@book{ReadKR,
 author = {, Ronald J.Brachman and Hector J. Levesque},
 title = {{Readings in knowledge representation}}, 
 isbn = { 093461301X},
 publisher = {Morgan Kaufman},
 year = {1985},
}

@Article{DBSheth98,
author = { A. Sheth },
title = {Changing focus on Interoperability in Information Systems, from system, syntax, structure to semantics},
journal = {Interop GIS},
publisher = {?},
year = "1998",
}

@Article{TBLeeScienAm,
author = { Tim Berners-Lee, James Hendler, Ora Lassila },
title = {The Semantic Web},
journal = { Scientific American},
publisher = {Scientific American},
year = "2001",
}

@misc{topicmaps,
  author = {SC34/WG3},
  title = {Topic Maps ISO Standard},  
  url="http://www.isotopicmaps.org/",
howpublished = "\url{http://www.isotopicmaps.org/}",
}

@misc{Owlim,
  author = {Ontotext AD},
  title = {OWLIM - A Commercial RDF/OWL Repository},  
  url="http://www.ontotext.com/owlim",
  howpublished = "\url{http://www.ontotext.com/owlim}",
}

@misc{swrl,
  author = {W3C},
  title = {SWRL: A Semantic Web Rule Language Combining OWL and RuleML},  
  url="http://www.w3.org/Submission/SWRL/",
  howpublished = "\url{http://www.w3.org/Submission/SWRL/}",
}

@misc{ukgovlinkdata,
  author = {data.gov.uk},
  title = {White Paper},  
  url="http://data.gov.uk/library/open-data-white-paper",
  howpublished = "\url{http://data.gov.uk/library/open-data-white-paper}",
}



@Article{ImplSemWeb,
author = { Benjamin Heitmann and Sheila Kinsella and Conor Hayes and Stefan Decker },
title = {Implementing Semantic Web applications: reference architecture and challenges},
journal = { 5th International Workshop on Semantic Web Enabled Software Engineering},
publisher = {SWESE},
year = "2009",
}

@Article{OOSemWeb,
author = { Matthias Quasthoff and Christoph Meinel },
title = {Supporting Object-Oriented Programming of Semantic-Web Software},
journal = {IEEE TRANSACTIONS ON SYSTEMS, MAN, AND CYBERNETICS},
publisher = {IEEE},
year = "2012",
}


@Article{FrameMinski,
   author = {Marvin Minski},
   title = {A Framework for Representing Knowledge },
   year = "1974",
   journal = {MIT-AI Laboratory Memo},
    volume = { 306},
    month = {June},
    pathl = {http://web.media.mit.edu/~minsky/papers/Frames/frames.html},
    howpublished = "\url{http://web.media.mit.edu/~minsky/papers/Frames/frames.html}",
}

@book{SemWebMDE,
  author = {Fernando Silva Parreiras},
  isbn = {9781118004173},
  publisher = {Wiley IEEE Press},
  title = {Semantic Web and Model-Driven Engineering},
  year = "2012",
}


@ARTICLE{Gruber93,
    author = {Thomas R. Gruber},
    title = {A translation approach to portable ontology specifications},
    journal = {Knowledge Acquisition},
    year = {1993},
    volume = {5},
    pages = {199--220}
}

@book{PollHodg,
  author = {Jeffrey T. Pollock; Ralph Hodgson},
  isbn = {978-0-471-48854-5},
  publisher = {Wiley-Interscience},
  title = {Adaptive Information Improving Business Through Semantic Interoperability, Grid Computing, and Enterprise Integration},
  year = "2004",
}

@book{ChhKumar,
  author = { Susheel Chhabra, Muneesh Kumar},
  isbn = {978-1-60566-240-4},
  publisher = { IGI Global},
  title = {Integrating E-Business Models for Government Solutions: Citizen-Centric Service Oriented Methodologies and Processes},
  year = "2009",
}


@book{Kajan,
  author = { Ejub Kajan},
  isbn = {1-60960-485-7},
  publisher = { IGI Global},
  title = {Electronic Business Interoperability},
  year = "2011",
}

@misc{SemIntIBM,
  author = {Mei Y. Selvage and Dan Wolfson and Bob Zurek and Ed Kahan},
  title = {Achieve semantic interoperability in a {SOA}},  
  publisher = {IBM Developer Works},
  year = {2006},
  url="http://www.ibm.com/developerworks/webservices/library/ws-soa-seminterop/index.html",
  howpublished = "\url{http://www.ibm.com/developerworks/webservices/library/ws-soa-seminterop/index.html}",
}

@book{LazSiaIoan,
  author = { Athina Lazakidou; Konstantinos Siassiakos; Konstantinos Ioannou},
  isbn = {1-61520-805-4},
  publisher = { IGI Global},
  title = {Wireless Technologies for Ambient Assisted Living and Healthcare},
  year = "2010",
}

@misc{ISO11179,
  author = {ISO},
  title = {International Standard for Metadata Registries},  
  url="http://metadata-standards.org/11179/",
  howpublished = "\url{http://metadata-standards.org/11179/}",
}

@Article{semgis,
author = { Aris Ouksel, Amit Sheth},
title = {Semantic Interoperability in Global Information Systems },
year = "1999",
journal = {SIGMOD Record},
publisher = {SIGMOD},
volume = {28},
pages = { 5-12},
}

@INPROCEEDINGS{semweb,
author={Nagarajan, M. and Verma, K. and Sheth, A.P. and Miller, J. and Lathem, J.},
booktitle={ICWS06. International Conference on Web Services}, 
title={Semantic Interoperability of Web Services - Challenges and Experiences},
year={2006},
pages={373 -382},
}

@inproceedings{kamaruddin2012evaluating,
  title = {Evaluating usage of WSMO and OWL-S in semantic web services},
  author = {Kamaruddin, L.A. and Shen, J. and Beydoun, G.},
  booktitle = {Proceedings of the Eighth Asia-Pacific Conference on Conceptual Modelling (APCCM 2012)},  
  publisher = {Australian Computer Society}, 
  year = {2012}
}

@misc{seals,
  author = {SEALS},
  title = {SEALS - Semantic Evaluation at Large Scale},  
  url="http://www.seals-project.eu/",
  howpublished = "\url{http://www.seals-project.eu/}",
}

@Article{HarsMoll,
author ={Haarslev, Volker and M\"{o}ller, Ralf},
title = {On the Scalability of Description Logic Instance Retrieval },
 journal = {J. Autom. Reason.},
 year = {2008},
 issn = {0168-7433},
 pages = {99--142},
 publisher = {Springer-Verlag New York, Inc.},
}

@Article{semwebspql,
author = {Jose Maria Garcia, David Ruiz, Antonio Ruiz-Cortes},
title = {Improving semantic web services discovery using SPARQL-based repository filtering },
journal = {Elsevier},
year = "2012",
}



@misc{okkam,
  author = {OKKAM},
  title = {OKKAM: A large scale Integrating project co-funded by the European Commission },  
  url="http://www.okkam.org/",
  howpublished = "\url{http://www.okkam.org/}",
}

@misc{smatch,
  author = {
  Fausto Giunchiglia and Aliaksandr Autayeu and Juan Pane and Veronica Rizzi},
  title = {S-Match - A Semantic Matching Framework},  
  url="http://semanticmatching.org",
  howpublished = "\url{http://semanticmatching.org}",
}

@Article{GiunSemMatch,
author = { Fausto Giunchiglia and Fiona McNeill and Mikalai Yatskevich and Juan Pane and Paolo Besana and Pavel Shvaiko},
title = {Approximate Structure-Preserving Semantic Matching},
journal = {OTM 2008},
publisher = {Spring-verlag},
year = "2008",
volume = {LNCS 5332},
pages = { 1217â€“1234},
}

@incollection{Shasha:TreeEdit,
  added-at = {2007-09-26T11:57:26.000+0200},
  author = {Shasha, D. and Zhang, K.},
  booktitle = {Pattern Matching Algorithms},
  date-added = {2006-08-22 12:59:07 +0200},
  date-modified = {2006-08-22 13:00:10 +0200},
  description = {Some references related to aspect mining},
  keywords = {imported},
  pages = {341-371},
  publisher = {Oxford University Press},
  title = {Approximate tree pattern matching},
  year = 1997
}

@ARTICLE{MarcheseEmergResp,
    author = {Maurizio Marchese and Nardine Osman and Lorenzino Vaccari and Gaia Trecarichi and Fiona McNeill and Paulo Besana},
    title = {An interaction-centric approach to support peer coordination in distributed emergency response management},
    journal = {Open Knowledge},
    year = {2009},
}

@misc{SiebesOpenK,
    author = {Ronny Siebes and Dave Dupplaw and Spyros Kotoulas and Adrian Perreau de Pinninck and Frank van Harmelen and David Robertson},
    title = { The OpenKnowledge System : An Interaction-Centered Approach to Knowledge Sharing},
    year = 2007,
    url = {http://www.openk.org},
}

@misc{OpenK,
  author = {OMG},
  title = {Open Knowledge Project},  
  url="http://www.openk.org",
howpublished = "\url{http://www.openk.org/}",
}

@article{ArtaleOCLLite,
 author = {Queralt, Anna and Artale, Alessandro and Calvanese, Diego and Teniente, Ernest},
 title = {OCL-Lite: Finite reasoning on UML/OCL conceptual schemas},
 journal = {Data Knowl. Eng.},
 issue_date = {March, 2012},
 volume = {73},
 month = mar,
 year = {2012},
 issn = {0169-023X},
 pages = {1--22},
 numpages = {22},
 publisher = {Elsevier Science Publishers B. V.},
 address = {Amsterdam, The Netherlands, The Netherlands},
 keywords = {CASE tools+UML, Description Logics, OCL constraints, Reasoning},
} 

@article{DLLite,
 author = { Artale, Alessandro and Calvanese, Diego},
 title = { The DL-Lite Family and Relations},
 journal = {Journal of Artificial Intelligence Research},
 volume = {36},
 pages = {1--69},
 year = {2009},
 publisher = {KRDB Research Centre Free University of Bozen-Bolzano Piazza Domenican},
 address = {3 I-39100 Bolzano, Italy},
 keywords = { Description Logics, OCL constraints, Reasoning},
} 

@book{SIKal,
  author = { Yannis Kalfoglou},
  isbn = {978-1-60566-894-9},
  publisher = {The MIT Press},
  title = {Cases on Semantic Interoperability for Information Systems Integration: Practices and Applications},
  year = "2009",
}

@misc{OMG,
  author = {Object Management Group},
  title = {Object Management Group},  
  url="http://www.omg.org",
 howpublished = "\url{http://www.omg.org/}",
year={2012},
}

@Article{OCLInconsistant,
author = { Claas Wilke, Birgit Demeuth},
title = { UML is still inconsistent! How to improve OCL Constraints in the UML 2.3 Superstructure },
journal = {  ECEASST Workshop on OCL and Textual Modeling (2010)},
publisher = {ECEASST},
year = "2010",
}

@Article{semmdm,
author = {Frederick Benaben and Nicolas Boissel-Dallier and Herve Pingaud and Jean-Pierre Lorre },
title = {Semantic issues in model-driven management of information system interoperability },
journal = {International Journal of Computer Integrated Manufacturing},
year = "2012",
}

@incollection {roz,
   author = {Dupuy, Sophie and Ledru, Yves and Chabre-Peccoud, Monique},
   title = {An Overview of RoZ : A Tool for Integrating UML and Z Specifications},
   booktitle = {Advanced Information Systems Engineering},
   series = {Lecture Notes in Computer Science},
   editor = {Wangler, Benkt and Bergman, Lars},
   publisher = {Springer Berlin / Heidelberg},
   isbn = {978-3-540-67630-0},
   keyword = {Computer Science},
   pages = {417-430},
   volume = {1789},
   year = {2000}
}

@incollection(UMLZ,
     author = "Nuno Amlio and Fiona Polack and Susan Stepney",
    title = "UML and Z: UML augmented with Z",
)

@Article{kbsysBen,
	author = {Frederick Benaben and Herve Pingaud and Jean-Pierre Lorre and Vatcharaphun Rajsiri },
	title = {Knowledge-based system for Collaberative Process Specification },
	journal = {Computers in Industry},
	year = "2010",
}

@article {alloy2UML,
   author = {Anastasakis, Kyriakos and Bordbar, Behzad and Georg, Geri and Ray, Indrakshi},
   affiliation = {University of Birmingham School of Computer Science Edgbaston Birmingham UK},
   title = {On challenges of model transformation from UML to Alloy},
   journal = {Software and Systems Modeling},
   publisher = {Springer Berlin / Heidelberg},
   issn = {1619-1366},
   keyword = {Computer Science},
   pages = {69-86},
   volume = {9},
   issue = {1},
   year = {2010}
}

@INPROCEEDINGS{MDService,
  author={Berre, A.-J. and Fangning Liu and Jiucheng Xu and Elvesaeter, B.}, 
  booktitle={Interoperability for Enterprise Software and Applications China, 2009. IESA '09. International Conference on}, 
  title={Model Driven Service            Interoperability through Use of Semantic Annotations},
  year={2009},
  month={april},
  volume={},
  number={},
  pages={90 -96},
  doi={10.1109/I-ESA.2009.58},
}

@Article{MOFOnt,
   author = {Ralf Gitzel and Ingo Ott and Martin Schader},
   title = {Ontological Extension to the MOF Metamodel as a Basis for Code Generation },
   year = "2007",
   journal = {The Computer Journal},
   publisher = {British Computer Society},
    volume = {50},
    pages = { 93-115},
}

@article{OntUML,
  title = "Using ontologies with UML class-based modeling: The TwoUse approach",
  journal = "Data And Knowledge Engineering",
  volume = "69",
  number = "11",
  pages = "1194 - 1207",
  year = "2010",
  author = "Fernando Silva Parreiras and Steffen Staab",
}

@Article{DSLOnt,
  author = {Walter, T. and Parreiras, F. and Staab, S},
  title = {An ontology-based framework for domain-specific modeling},
  journal = {Software and Systems Modeling},
  publisher = {Springer-Verlag},
  year = "2012",
}

@article{semTrop,
    author = {Priti Parikh and Todd A Minning and Vinh Nguyen and  Sarasi Lalithsena and  Amir Asiaee and  Satya Sahoo and Prashant Doshi and Rick Tarleton and Amit Sheth},
    journal = {PLoS Negl Trop Dis},
    publisher = {Public Library of Science},
    title = {A Semantic Problem Solving Environment for Integrative Parasite Research: Identification of Intervention Targets for Trypanosoma cruzi},
    year = 2012,
    month = 01,
    volume = 6,
} 

@Article{semws,
  author = { Kunal Verma and Kaarthik Sivashanmugam and Amit Sheth and Abhijit Patil and Swapna Oundhakar and John Miller},
  title = {METEOR-S WSDI: A scalable P2P infrastructure of registries for semantic publication and discovery of web services },
  year = "2005",
  journal = {Information Technology and Management},
  publisher = {Springer Netherlands},
  month = {January},
  volume = {6},
  pages = { 17-39},
}

@article{semPer,
    author = {Cory Henson, Amit Sheth, Krishnaprasad Thirunarayan},
    journal = {Internet Computing, IEEE},
    publisher = {IEEE},
    title = {Semantic Perception: Converting Sensory Observations to Abstractions},
    year = {2012},
    month = {03},
    volume = {16},
    pages = {26-34},
} 

@Article{mafra,
author = {Alexander Maedche and Boris Motik and Nuno Silva and Raphael Volz},
title = {MAFRA - A Mapping Framework for Distributed Ontologies in the Semantic Web },
journal = {ACM},
year = "2002",
}

@Article{IntSWOwl,
author = {Raul Garcia-Castro, Asuncion Gomez-Perez},
title = {Interoperability results for Semantic Web technologies using OWL as the interchange language },
publisher = {Elsevier},
year = "2010",
journal = {Web Semantics: Science, Services and Agents on the World Wide Web},
month = {September},
 pages = {278-291},
}


@misc{fusion,
  author = {NIST},
  title = {FUSION - Functionality Sharing in Open environments},  
  url="http://fusion.cs.uni-jena.de/professur",
  howpublished = "\url{http://fusion.cs.uni-jena.de/professur}",
}
%%%%%%%%%%%%%%%%%%%%%%%%%%%%%%%%%%%%%%%%%
%%  CHAPTER FOUR
%%%%%%%%%%%%%%%%%%

@inproceedings{McComb,
 author    = {Tim McComb and
              Graeme Smith},
 title     = {Compositional Class Refinement in {Object-Z}},
 booktitle = {Proceedings of FM 2006},
 publisher = {Springer},
 series =   {LNCS},
 year      = {2006},
}

@misc{Wirfs-Brock,
  author = {Rebecca Wirfs-Brock},
  title = {Responsibility-driven Design},
  year = 1991,
  howpublished = {\emph{The Smalltalk Report}},
}


@article {Smith,
  author = {Smith, Graeme},
  title = {A fully abstract semantics of classes for {Object-Z}},
  journal = {Formal Aspects of Computing},
  publisher = {Springer London},
  volume = {7},
  issue = {3},
  year = {1995}
}

@article {Cavalcanti,
  author = {Cavalcanti, Ana and Sampaio, Augusto and Woodcock, Jim},
  title = {Unifying classes and processes},
  journal = {Software and Systems Modeling},
  publisher = {Springer},
  volume = {4},
  issue = {3},
  year = {2005}
}

@book{frankel2003model,
 title={{M}odel {D}riven {A}rchitecture: applying {MDA} to enterprise computing},
 author={Frankel, D.},
 isbn={9780471319207},
 lccn={2002014914},
 series={{OMG} Series},
 year={2003},
 publisher={Wiley}
}

@Book{MDA-proposal,
  author = "A. Kleppe and J. Warmer and W. Bast", 
  title = {{MDA Explained, The Model Driven Architecture: Practice
                 and Promise}}, 
  publisher = "Addison-Wesley",
  year =   "2003"
}

@article{liskov94behavioral,
   author = {Barbara Liskov and Jeannette Wing},
   title = {A Behavioral Notion of Subtyping},
   journal = {ACM Transactions on Programming Languages and Systems},
   volume = {16},
   number = {6},
   year = {1994},
}

@book{JavaBeans,
author = {Matena, Vlada and Stearns, Beth and Demichiel, Linda},
title = {{Applying Enterprise JavaBeans: Component-Based Development
                  for J2EE}},
year = 2003,
publisher = {Pearson},
} 

@article{SBMF2006,
 title = "Domain-specific Semantics and Data Refinement of Object Models",
 author = "Jim Davies and David Faitelson and James Welch",
 year = "2008",
 journal = "ENTCS",
 volume = "195",
}

@inproceedings{SBMF2005,
 title = "From Predicates to Programs",
 author = "David Faitelson and James Welch and Jim Davies",
 year = "2007",
 booktitle = "Proceedings of SBMF 2005",
 journal = "ENTCS",
 volume = "184",
}

@article{SCPsubmission,
 title = "Model-driven Engineering of Information Systems: 10 years
                  and 1000 versions", 
 author = "Jim Davies and James Welch and Edward Crichton",
 year = "2012",
 note = "under review",
 journal = "Science of Computer Programming",
}

@book{Meyer,
   author = {Meyer, Bertrand},
   publisher = {Prentice Hall},
   title = {{Object-Oriented Software Construction}},
   year = {2000}
}



@book{SzyperskiGruntz,
  author = {Clemens Szyperski and Dominik Gruntz and Stephan Murer},
  title = {Component Software},
  publisher = {ACM Press},
  year = 2002,
}

@article{Dijkstra,
author = {Dijkstra, Edsger W.},
title = {Guarded commands, nondeterminacy and formal derivation of programs},
journal = {Commun. ACM},
issue_date = {Aug. 1975},
volume = {18},
number = {8},
month = aug,
year = {1975},
issn = {0001-0782},
publisher = {ACM},
address = {New York, NY, USA},
} 



@article{sosym2008,
 title = "Automatic Maintenance of Association Invariants",
 author = "James Welch and David Faitelson and Jim Davies",
 year = "2008",
 issn = "1619-1366",
 journal = "Software and Systems Modeling ",
 publisher = "Springer Berlin / Heidelberg",
 doi = "10.1007/s10270-008-0085-0",
}

@inproceedings{iceccs,
 title = "On the Generation of Object Databases using {B}ooster",
 author = "Jim Davies and James Welch and Alessandra Cavarra and Edward Crichton",
 year = "2006",
 booktitle = "Proceedings of the 11th IEEE Conference on the Engineering of Complex Computer Systems (ICECCS 2006)",
 publisher = "IEEE Computer Society",
}


@inproceedings{MDDM2010,
 title = "Model-Driven Data Migration",
 author = "Mohammed A. Aboulsamh and Edward Crichton and Jim Davies and James Welch",
 year = "2010",
 booktitle = "Advances in Conceptual Modeling - Applications and Challenges, ER 2010 Workshops ACM-L, CMLSA, CMS, DE@ER, FP-UML, SeCoGIS,
WISM, Vancouver, BC, Canada, November 1-4, 2010.",
 isbn = "978-3-642-16384-5",
 series = "Lecture Notes in Computer Science",
 volume = "6413",
 doi = "10.1007/978-3-642-16385-2_35",
}

@inproceedings{TASE2010,
 title = "A Guarded Workflow Language and Its Formal Semantics",
 author = "Chen-Wei Wang and Jim Davies and James Welch",
 year = "2010",
 address = "Los Alamitos, CA, USA",
 isbn = "978-0-7695-4148-8",
 journal = "Theoretical Aspects of Software Engineering, Joint IEEE/IFIP Symposium on",
 publisher = "IEEE Computer Society",
 doi = "10.1109/TASE.2010.21",
}

@book{ObjectZSpecs00,
  author = {Graeme Smith},
  title = {The {Object-Z} Specification Language},
  publisher = {Kluwer},
  year = 2000,
}

@book{Szyperski,
 author = {Szyperski, Clemens},
 title = {Component Software: Beyond Object-Oriented Programming},
 year = {2002},
 edition = {2nd},
 publisher = {Addison-Wesley},
} 


@article{Beck:1989:LTO:74878.74879,
 author = {Beck, K. and Cunningham, W.},
 title = {A laboratory for teaching object oriented thinking},
 journal = {SIGPLAN Not.},
 issue_date = {Oct. 1989},
 volume = {24},
 number = {10},
 month = sep,
 year = {1989},
 issn = {0362-1340},
 doi = {10.1145/74878.74879},
 acmid = {74879},
 publisher = {ACM},
 address = {New York, NY, USA},
} 


@incollection {ClemensFisher,
  author = {Fischer, Clemens},
  title = {{How to combine Z with a process algebra}},
  booktitle = {Proceedings of ZUM â€™98},
  series = {LNCS},
  publisher = {Springer},
  volume = 1493,
  year = 1998
}


@incollection {springerlink:10.1007/3-540-45499-3_33,
  author = {Fischer, Clemens and Wehrheim, Heike},
  affiliation = {Fachbereich Informatik, UniversitÃ¤t Oldenburg, Postfach 2503, D-26111 Oldenburg, Germany},
  title = {Behavioural Subtyping Relations for Object-Oriented Formalisms},
  booktitle = {Algebraic Methodology and Software Technology},
  series = {Lecture Notes in Computer Science},
  editor = {Rus, Teodor},
  publisher = {Springer Berlin / Heidelberg},
  isbn = {978-3-540-67530-3},
  keyword = {Computer Science},
  volume = {1816},
  note = {10.1007/3-540-45499-3_33},
  year = {2000}
}

@INPROCEEDINGS{Back94tracerefinement,
   author = {R. J. R. Back and J. von Wright},
   title = {Trace Refinement of Action Systems},
   booktitle = {Structured Programming},
   year = {1994},
   publisher = {Springer-Verlag}
}

@INPROCEEDINGS{Barnett04friendsneed,
   author = {Mike Barnett and David A. Naumann},
   title = {Friends need a bit more: Maintaining invariants over shared state},
   booktitle = {MPC, volume 3125 of LNCS},
   year = {2004},
   pages = {54--84},
   publisher = {Springer}
}

@article{ButlerM95,
 author    = {Michael J. Butler and Carroll Morgan},
 title     = {Action Systems, Unbounded Nondeterminism, and Infinite
              Traces},
 journal   = {Formal Asp. Comput.},
 volume    = {7},
 number    = {1},
 year      = {1995},
 ee        = {http://dx.doi.org/10.1007/BF01214622},
 bibsource = {DBLP, http://dblp.uni-trier.de}
}

@INPROCEEDINGS{Mahony97blendingobject-z,
   author = {Brendan Mahony and Jin Song Dong},
   title = {{Blending Object-Z and Timed CSP: An introduction to TCOZ}},
   booktitle = {Proceedings of ICSEâ€™98},
   year = {1998},
   publisher = {IEEE Press}
}

@book{Warmer_Kleppe_1998, 
  title={{The Object Constraint Language: Precise Modeling with UML}}, 
  publisher={Addison-Wesley}, 
  author={Warmer, Jos and Kleppe, Anneke}, 
  year={1998}, 
}

@book{Warmer:2003:OCL:861416,
 author = {Warmer, Jos and Kleppe, Anneke},
 title = {{The Object Constraint Language: Getting Your Models Ready for MDA}},
 year = 2003,
 publisher = {Addison-Wesley},
} 

@incollection {Miarka,
  author = {Miarka, Ralph and Boiten, Eerke and Derrick, John},
  affiliation = {University of Kent Computing Laboratory Canterbury CT2 7NF UK},
  title = {Guards, Preconditions, and Refinement in Z},
  booktitle = {Proceedings of ZB 2000},
  series = {LNCS},
  publisher = {Springer},
  volume = {1878},
  year = {2000}
}

@article{Borges, 
title={Integrating UML and Formal Methods}, 
volume={184}, 
url={http://linkinghub.elsevier.com/retrieve/pii/S1571066107004379}, 
journal={Electronic Notes in Theoretical Computer Science}, 
publisher={Elsevier Science Publishers B. V.}, 
author={Borges, R and Mota, A}, 
year={2007}, 
}

%%%%%%%%%%%%%%%%%%%%%%%%%%%%%%%%%%%%%%%%%%
%% CHAPTER FIVE
%%%%%%%%%%%%%%%%%

@misc{CWM,
	author = {OMG},
	title = {Common Warehouse Metamodel, v1.1 },
	year = 2003,
	url="http://www.omg.org/spec/CWM/1.1/PDF/formal-03-03-02.pdf"
}

@book{FowlerDSL,
	author = {Fowler, Martin},
	title = {Domain Specific Languages},
	year = {2010},
	isbn = {0321712943, 9780321712943},
	edition = {1st},
	publisher = {Addison-Wesley Professional},
} 

@misc{ECORE,
	author = {Eclipse},
	title = {Ecore Tools },
	year = 2008,
	url="http://eclipse.org/ecoretools/"
}

@inproceedings{SPOOFAX,
  title = {The {Spoofax} language workbench: rules for declarative specification of languages and {IDEs}},
  author = {Lennart C. L. Kats and Eelco Visser},
  year = {2010},
  doi = {http://doi.acm.org/10.1145/1869459.1869497},
  tags = {programming languages, model-to-model transformation, workbench, semantics, rule-based, Eclipse, meta programming, model editor, graph transformation, meta-model, transformation language, architecture, reuse, model-driven development, graph-rewriting, rules, C++, code completion, code generation, model transformation, programming, language workbench, Spoofax, Meta-Environment, rewriting, parsing, meta-objects, transformation, program transformation, domain-specific language},
  researchr = {http://researchr.org/publication/KatsV10},
  cites = {0},
  citedby = {1},
  pages = {444-463},
  booktitle = {Proceedings of the 25th Annual ACM SIGPLAN Conference on Object-Oriented Programming, Systems, Languages, and Applications, OOPSLA 2010},
  editor = {William R. Cook and SiobhÃ¡n Clarke and Martin C. Rinard},
  address = {Reno/Tahoe, Nevada},
  publisher = {ACM},
  isbn = {978-1-4503-0203-6},
}


@misc{XText,
	author = {Eclipse},
	title = {XText : Eclipse Project},
	year = 2008,
	url="https://eclipse.org/Xtext/"
}

@misc{MPS,
	author = {JetBrains},
	title = { JetBrains : Meta Programming System},
	year = 2003,
	url="https://www.jetbrains.com/mps/"
}

@misc{XSLT,
	author = {W3C},
	title = {XSL Transformations (XSLT)Version 1.0},
	year = 1999,
	url="http://www.w3.org/TR/xslt"
}

@misc{ATL,
	author={INRIA},
	title = {Atlas Transformation Language},
	year = {2011},
	url={``https://eclipse.org/atl''}
}

@article{heitmann2009implementing,
  title={Implementing semantic web applications: reference architecture and challenges},
  author={Heitmann, Benjamin and Kinsella, Sheila and Hayes, Conor and Decker, Stefan},
  journal={SWESE 2009},
  pages={16},
  year={2009}
}

@book{handl,
  author = {Deborah McGuinness, Daniel Nardi, Peter Patel-Schneider},
  isbn = {9780521781763},
  publisher = {Cambridge University Press},
  title = {The Description Logic Handbook},
  year = "2003",
  month = "January",
}

@misc{mcf,
  author = { Ramanathan V. Guha },
  title = {Metacontent Framwork},  
  url="http://www.guha.com/mcf/",
  howpublished = "\url{http://www.guha.com/mcf/}",
}

@incollection {verumlocl,
   author = {Cabot, Jordi and Claris,Robert and Riera, Daniel},
   affiliation = {Universitat Oberta de Catalunya, Spain},
   title = {Verifying UML/OCL Operation Contracts},
   booktitle = {Integrated Formal Methods},
   series = {Lecture Notes in Computer Science},
   editor = {Leuschel, Michael and Wehrheim, Heike},
   publisher = {Springer Berlin / Heidelberg},
   isbn = {978-3-642-00254-0},
   keyword = {Computer Science},
   pages = {40-55},
   volume = {5423},
   year = {2009},
}

@article{stereouse,
year={2003},
issn={1619-1366},
journal={Software and Systems Modeling},
volume={2},
number={3},
doi={10.1007/s10270-003-0027-9},
title={Systematic stereotype usage},
url={http://dx.doi.org/10.1007/s10270-003-0027-9},
publisher={Springer-Verlag},
keywords={UML extension mechanism; Stereotypes; Classification; Transitive properties},
author={Atkinson, Colin and KÃ¼hne, Thomas and Henderson-Sellers, Brian},
pages={153-163},
language={English}
}


@incollection{modtools,
year={2005},
isbn={978-3-540-29010-0},
booktitle={Model Driven Engineering Languages and Systems},
volume={3713},
series={Lecture Notes in Computer Science},
editor={Briand, Lionel and Williams, Clay},
doi={10.1007/11557432_30},
title={Concepts for Comparing Modeling Tool Architectures},
url={http://dx.doi.org/10.1007/11557432_30},
publisher={Springer Berlin Heidelberg},
author={Atkinson, Colin and KÃ¼hne, Thomas},
pages={398-413},
language={English}
}

@incollection{ustereo,
year={2006},
isbn={978-3-540-45772-5},
booktitle={Model Driven Engineering Languages and Systems},
volume={4199},
series={Lecture Notes in Computer Science},
editor={Nierstrasz, Oscar and Whittle, Jon and Harel, David and Reggio, Gianna},
doi={10.1007/11880240_2},
title={Uses and Abuses of the Stereotype Mechanism in UML 1.x and 2.0},
url={http://dx.doi.org/10.1007/11880240_2},
publisher={Springer Berlin Heidelberg},
author={Henderson-Sellers, B. and Gonzalez-Perez, C.},
pages={16-26},
language={English}
}



@article{heflin4078shoe,
  title={SHOE: A Knowledge Representation Language for Internet Applications. 1999},
  author={Heflin, J and Hendler, J and Luke, S},
  journal={Dept. of Computer Science, University of Maryland at College Park: Technical Report CS-TR-4078 (UMIACS TR-99-71)}
}

@book{staab2001annotation,
  title={An annotation framework for the semantic web},
  author={Staab, Steffen and Maedche, Alexander and Handschuh, Siegfried},
  year={2001},
  publisher={Inst. AIFB, Univ.}
}

@article{sinclair2008folksonomy,
  title={The folksonomy tag cloud: when is it useful?},
  author={Sinclair, James and Cardew-Hall, Michael},
  journal={Journal of Information Science},
  volume={34},
  number={1},
  pages={15--29},
  year={2008},
  publisher={Sage Publications}
}

@inproceedings{Xu:2008,
 author = {Xu, Shengliang and Bao, Shenghua and Fei, Ben and Su, Zhong and Yu, Yong},
 title = {Exploring Folksonomy for Personalized Search},
 booktitle = {Proceedings of the 31st Annual International ACM SIGIR Conference on Research and Development in Information Retrieval},
 series = {SIGIR '08},
 year = {2008},
 isbn = {978-1-60558-164-4},
 location = {Singapore, Singapore},
 pages = {155--162},
 numpages = {8},
 url = {http://doi.acm.org/10.1145/1390334.1390363},
 doi = {10.1145/1390334.1390363},
 acmid = {1390363},
 publisher = {ACM},
 address = {New York, NY, USA},
 keywords = {Web 2.0, automatic evaluation framework, folksonomy, personalized search, topic space},
} 




% ------------------------------------------------------------------------
% CHAPTER SIX
% ------------------------------------------------------------------------

@misc{RDFSEM,
  author = {W3C},
  title = {RDF Semantics},  
  url="http://www.w3.org/TR/2014/NOTE-rdf11-datasets-20140225/",
howpublished = "\url{http://www.w3.org/TR/2014/NOTE-rdf11-datasets-20140225/}",
}

@misc{RDFAS,
  author = {W3C},
  title = {RDF Abstract Syntax},  
  url="http://www.w3.org/TR/2014/REC-rdf11-concepts-20140225/Overview.html",
howpublished = "\url{http://www.w3.org/TR/2014/REC-rdf11-concepts-20140225/Overview.html}",
}

@misc{RDFTurtle,
  author = {W3C},
  title = {RDF 1.1 Turtle},  
  url="http://www.w3.org/TR/2014/REC-turtle-20140225/Overview.html",
howpublished = "\url{http://www.w3.org/TR/2014/REC-turtle-20140225/Overview.html}",
}

@misc{RDFS,
  author = {W3C},
  title = {RDF Schema},  
  url="http://www.w3.org/TR/2014/REC-rdf-schema-20140225/Overview.html",
howpublished = "\url{http://www.w3.org/TR/2014/REC-rdf-schema-20140225/Overview.html}",
}


@misc{RDFSL,
	author = {W3C},
	title = {RDF Data Shapes Semantics},  
	url="http://w3c.github.io/data-shapes/semantics/"
} 

@misc{COSD,
	author = {NHS},
	title = {COSD : Cancer outcomes and services dataset},  
	url="http://www.datadictionary.nhs.uk/data_dictionary/messages/clinical_data_sets/data_sets/cancer_outcomes_and_services_data_set"
} 

% ------------------------------------------------------------------------
% CHAPTER SEVEN
% ------------------------------------------------------------------------

@inproceedings{garces2009managing,
  title={Managing model adaptation by precise detection of metamodel changes},
  author={Garc{\'e}s, Kelly and Jouault, Fr{\'e}d{\'e}ric and Cointe, Pierre and B{\'e}zivin, Jean},
  booktitle={Model Driven Architecture-Foundations and Applications},
  pages={34--49},
  year={2009},
  organization={Springer}
}


@article{kessentini2014search,
  title={Search-based metamodel matching with structural and syntactic measures},
  author={Kessentini, Marouane and Ouni, Ali and Langer, Philip and Wimmer, Manuel and Bechikh, Slim},
  journal={Journal of Systems and Software},
  volume={97},
  pages={1--14},
  year={2014},
  publisher={Elsevier}
}

@inproceedings{nejati2007matching,
  title={Matching and merging of statecharts specifications},
  author={Nejati, Shiva and Sabetzadeh, Mehrdad and Chechik, Marsha and Easterbrook, Steve and Zave, Pamela},
  booktitle={Proceedings of the 29th international conference on Software Engineering},
  pages={54--64},
  year={2007},
  organization={IEEE Computer Society}
}

@article{nejati2012matching,
  title={Matching and merging of variant feature specifications},
  author={Nejati, Shiva and Sabetzadeh, Mehrdad and Chechik, Marsha and Easterbrook, Steve and Zave, Pamela},
  journal={Software Engineering, IEEE Transactions on},
  volume={38},
  number={6},
  pages={1355--1375},
  year={2012},
  publisher={IEEE}
}

@inproceedings{lcs2000survey,
  title={A survey of longest common subsequence algorithms},
  author={Bergroth, Lasse and Hakonen, Harri and Raita, Timo},
  booktitle={String Processing and Information Retrieval, 2000. SPIRE 2000. Proceedings. Seventh International Symposium on},
  pages={39--48},
  year={2000},
  organization={IEEE}
}

@article{ngram,
  title={Fast string matching using an n-gram algorithm},
  author={Kim, Jong Yong and Shawe-Taylor, John},
  journal={Software: Practice and Experience},
  volume={24},
  number={1},
  pages={79--88},
  year={1994},
  publisher={Wiley Online Library}
}

@misc{modelcatalogue,
	Author = {Open Source},
	Title = {An open-source Model Registry},
	Url = {https://github.com/MetadataRegistry/ModelCataloguePlugin.git},
	Year = {2015}
}

@incollection{bellahsene2011,
  title={On evaluating schema matching and mapping},
  author={Bellahsene, Zohra and Bonifati, Angela and Duchateau, Fabien and Velegrakis, Yannis},
  booktitle={Schema matching and mapping},
  pages={253--291},
  year={2011},
  publisher={Springer}
}

@article{bonifati2010,
  title={Schema mapping and query translation in heterogeneous P2P XML databases},
  author={Bonifati, Angela and Chang, Elaine and Ho, Terence and Lakshmanan, Laks VS and Pottinger, Rachel and Chung, Yongik},
  journal={The VLDB Journal},
  volume={19},
  number={2},
  pages={231--256},
  year={2010},
  publisher={Springer}
}


% ------------------------------------------------------------------------
% CHAPTER EIGHT
% ------------------------------------------------------------------------
% ------------------------------------------------------------------------
% APPENDIX ONE
% ------------------------------------------------------------------------
% ------------------------------------------------------------------------
% APPENDIX TWO
% ------------------------------------------------------------------------

@misc{AgHealth,
  title = {Agency for Healthcare Research and Quality- United States Health Information Knowledgebase},
  url="http://ushik.ahrq.gov/mdr/portals/"
}

@misc{sage,
  title = {The SAGE Project},
  url="http://sage.wherever.org/deployment/deployment.html",
  publisher={ U.S. Department of Commerce National Institute of Standards and Technology (NIST) }
}

@misc{meteor,
  title = {METeOR},
  url="http://meteor.aihw.gov.au/content/index.phtml/itemId/181162",
  publisher={ Australian Institute of Health and Welfare}
}
@misc{dublincore,
  title = {Dublin Core Metadata Registry},
  url="http://dcmi.kc.tsukuba.ac.jp/dcregistry/",
  publisher={ University of Tsukuba  }
}
@misc{knet,
  title = {The Knowledge network for BioDiversity},
  url="https://knb.ecoinformatics.org/l",
  publisher={ US National Science Foundation Knowledge and Distributed Intelligence Program}
}
@misc{cdsr,
  title = {Cancer Data Standards Repository},
  url="http://ncicb.nci.nih.gov/NCICB/infrastructure/cacore_overview/cadsrl",
  publisher={ U.S. National Institute of Health (NIH) }
}
@misc{justicexml,
  title = {Global Justice XML Model},
  url="http://www.it.ojp.gov/2417",
  publisher={ U.S. Department of Justice }
}
@misc{niem,
  title = {National Information Exchange Model (NIEM)},
  url="https://www.niem.gov/Pages/default.aspx",
  publisher={ U.S. National Institute of Health (NIH) }
}
@misc{mistxml,
  title = {NIST ebXML Exchange for HL7},
  url="http://ihexds.nist.govl",
  publisher={ U.S. Department of Commerce National Institute of Standards and Technology (NIST) }
}
@misc{openmdr,
  title = {The open Metadata Registry Project},
  url="http://metadataregistry.org/",
  publisher={ U.S. National Science Digital Library (NSDL) }
}
@misc{ders,
  title = {The Data Element Registry Service},
  url="http://ofmpub.epa.gov/sor_internet/registry/datareg/home/overview/home.dol",
  publisher={ U.S. Environment Protection Agency }
}



http://meteor.aihw.gov.au/content/index.phtml/itemId/181162






	
